 @book{Bertsekas_Tsitsiklis_2008, 
 	place={Belmont, Massachusetts}, 
 	edition={2nd}, series={Optimization and computation series}, 
 	title={Introduction to probability}, ISBN={978-1-886529-23-6}, publisher={Athena Scientific}, author={Bertsekas, Dimitri P. and Tsitsiklis, John N.}, year={2008}, collection={Optimization and computation series} }

@book{Ross_2000, place={San Diego}, edition={7th ed}, title={Introduction to probability models}, ISBN={978-0-12-598475-1}, publisher={Harcourt/Academic Press}, author={Ross, Sheldon M.}, year={2000} }

 @Manual{R,
	title = {R: A Language and Environment for Statistical Computing}, 
	author = {{R Core Team}}, 
	organization = {R Foundation for Statistical Computing},
	address = {Vienna, Austria},
	year = {2020},
	url = {https://www.R-project.org/},
}

@inproceedings{jupyter,
	title={Jupyter Notebooks---a publishing format for reproducible computational workflows},
	author={Kluyver, Thomas and Ragan-Kelley, Benjamin and P{\'e}rez, Fernando and Granger, Brian and Bussonnier, Matthias and Frederic, Jonathan and Kelley, Kyle and Hamrick, Jessica and Grout, Jason and Corlay, Sylvain and others},
	booktitle={Positioning and Power in Academic Publishing: Players, Agents and Agendas: Proceedings of the 20th International Conference on Electronic Publishing},
	pages={87},
	year={2016},
	organization={IOS Press}
}

@misc{random_walks_yt,
	title={Random Walks Tutorial: Central Limit Theorem 1.},
	author={Sid Redner},
	organization={{S}anta {F}e {I}nstitute},
url={https://youtu.be/BUJCF900I0A}}