@Manual{R,
    title = {R: A Language and Environment for Statistical Computing}, 
    author = {{R Core Team}}, 
    organization = {R Foundation for Statistical Computing},
    address = {Vienna, Austria},
    year = {2020},
    url = {https://www.R-project.org/}
  }
 
@misc{inegi, 
	title={Población total.},
	author={Instituto Nacional de Estadística y Geografía},
	note= "\url{https://www.inegi.org.mx/temas/estructura/}",
	journal={Tabulados}, 
	publisher={Instituto Nacional de Estadística y Geografía (INEGI)}
	}

@Manual{rstudio, title = {RStudio: Integrated Development Environment for R}, author = {{RStudio Team}}, organization = {RStudio, PBC.}, address = {Massachusetts, United States}, year = {2020}, note="\url {http://www.rstudio.com/}"
 }

@Book{SimulacionRoss,
    author    = "Sheldon M. Ross",
    title     = "Simulation",
    year      = "1999",
    publisher = "Pearson",
    address   = {Berkeley, California}
}

@Manual{python,
    title = {Python}, 
    organization = {{Python Software Foundation}},
    author = {Guido van Rossum}, 
    address = {Países Bajos},
    year = {2020},
    url = {https://www.python.org/}
  }
  
 @Book{alice,
  title = {Alice's Adventures in Wonderland},
  author = {Lewis Carroll},
 publisher = {Macmillan},
 address={Oxford, England},
 year = {1865}
 }
 
 
 @Book{tidytext,
 title={Text Mining with R, a tidy approach},
 author={Julia Silge and David Robinson},
 year={2020},
 note="\url{https://www.tidytextmining.com/}"
 }
 
 @misc{gutenberg,
	title = {Project Gutenberg}, 
    author = {Michael Hart}, 
    organization = {{The Project Gutenberg Literary Archive Foundation}},
note = "\url{http://www.gutenberg.org/files/19322/19322.txt}."
  }
  
 @misc{fabiola,
    title={Minería de datos},
    author={Fabiola Vázquez},
    note="\url{https://github.com/fvzqa/Metodos-Probabilisticos/blob/master/Tarea2/Tarea2.pdf}.",
}

@book{casella,
	address = {Australia ; Pacific Grove, CA},
	edition = {2nd},
	title = {Statistical inference},
	isbn = {978-0-534-24312-8},
	publisher = {Thomson Learning},
	author = {Casella, George and Berger, Roger L.},
	year = {2002},
	keywords = {Mathematical statistics, Probabilities}
}

@misc{elisaproba, 
	title={Modelos probabilistas aplicados.},
	author={Elisa Schaeffer},
	note= "\url{https://elisa.dyndns-web.com/teaching/prob/pisis/prob.html#t5}"
}

@book{Knuth, place={Reading, Mass}, edition={3rd ed}, title={The art of computer programming}, ISBN={978-0-201-89683-1}, publisher={Addison-Wesley}, author={Knuth, Donald Ervin}, year={1997}
}

@inproceedings{jupyter,
	title={Jupyter Notebooks---a publishing format for reproducible computational workflows},
	author={Kluyver, Thomas and Ragan-Kelley, Benjamin and P{\'e}rez and others},
	booktitle={Positioning and Power in Academic Publishing: Players, Agents and Agendas: Proceedings of the 20th International Conference on Electronic Publishing},
	pages={87},
	year={2016},
	organization={IOS Press}
}

@book{int,
	address = {Coruña, España},
	edition = {Primera Edición},
	title = {Introducción a la simulación y a la teoría de colas},
	isbn = {84-9745-017-5},
	publisher = {Thomson Learning},
	author = {Cao Abad, Ricardo},
	year = {2002}
}

@misc{statisticsr, 
	title={Statistical Tests},
	author={Selva Prabhakaran},
	note= "\url{http://r-statistics.co/Statistical-Tests-in-R.html}"
}

@misc{pestad, 
	title={¿{Q}ué es una prueba estadística?.},
	author={Addinsoft},
	note= "\url{https://help.xlstat.com/s/article/que-es-una-prueba-estadistica?language=es#:~:text=Una%20prueba%20estad%C3%ADstica%20es%20una,nula%2C%20y%20suele%20denominarse%20H0.&text=H0%20normalmente%20se%20opone%20a,alternativa%2C%20denominada%20H1%20o%20Ha}"
}

@misc{ecured, 
	title={Pruebas estadísticas.},
	author={Ecu{R}ed},
	note= "\url{https://www.ecured.cu/Pruebas_estad%C3%ADsticas}"
}

@misc{guia, 
	title={Guía definitiva para encontrar las pruebas estadísticas que buscas.},
	author={Rosana Ferrero},
	note= "\url{https://www.maximaformacion.es/blog-dat/guia-para-encontrar-tu-prueba-estadistica/}"
}

@Article{elegir,
author = {{Miguel Ángel Villasís-Keever}, {Eric Flores-Ruiz}, {María Guadalupe Miranda-Novales}},
title = {El protocolo de Investigación {VI}: Cómo elegir la prueba estadística adecuada. Estadística inferencial},
journal = {Revista Alergia México},
year = {2017},

OPTvolume = {64},
OPTnumber = {3},
OPTpages = {364-370},
OPTmonth = {Julio-Septiembre},
note= "\url{http://www.scielo.org.mx/pdf/ram/v64n3/2448-9190-ram-64-03-0364.pdf}"
}

@book{Laneonline,
	title={Introduction to Statistics},
	edition={Online},
	author={Lane, David M.},
	note="\url{http://onlinestatbook.com/Online_Statistics_Education.pdf}"
}

@misc{scatterplot, 
	title={Scatterplot with polynomial curve fitting.},
	author={R graph gallery},
	note= "\url{https://www.r-graph-gallery.com/44-polynomial-curve-fitting.html#:~:text=First%20of%20all%2C%20a%20scatterplot,plot%20it%20with%20line()%20.}"
}

@misc{stat, 
	title={Covid-19 test accuracy supplement: {T}he math of {B}ayes’ {T}heorem},
	author={Jeffrey {L}. {S}chnipper, {P}aul {E}. {S}ax},
	note= "\url{https://www.statnews.com/2020/08/20/covid-19-test-accuracy-supplement-the-math-of-bayes-theorem/}"
}

@misc{nl, 
	title={Casos de {COVID}-19 en {N}uevo {L}eón},
	author={Gobierno del estado de {N}uevo {L}eón},
	note= "\url{https://www.nl.gob.mx/publicaciones/casos-de-covid-19-en-nuevo-leon}"
}

@misc{us_pop_clock,
author={{United States Census Bureau}},
title = {{U.S.} and World Population Clock},
year={2020},
note={\url{https://www.census.gov/popclock/}}
}

@misc{flu_ridt_cdc,
author={{CDC}},
title= {Information for Clinicians on {Rapid Diagnostic Testing} for Influenza},
year = {2020},
publisher = {{CDC}},
note = {\url{https://www.cdc.gov/flu/professionals/diagnosis/rapidclin.htm#table2}}
}

@misc{flu_burden_cdc,
	author={{CDC}},
	title= {Disease burden of influenza},
	year = {2020},
	publisher = {{CDC}},
	note = {\url{https://www.cdc.gov/flu/about/burden/index.html}}
}

@misc{indicadores_nl,
	title={Monitoreo de Indicadores 
	Estatales de Salud para la  
	Reapertura Económica
	Semana 
	42
	(11 de Octubre 
	–
	17 de Octubre)},
	year = {2020},
	author={{Gobierno del Estado de Nuevo León}},
	note={\url{https://www.nl.gob.mx/presentacion-indicadoresymedidasdemitigacion-covid19-22-10-2020}}
}

@book{snell,
	title = {Introduction to {P}robability},
	author = {Grinstead, Charles M. and Snell, J. Laurie},
	year = {2006}
} 

@misc{fab, 
	title={Valor esperado y varianza.},
	author={Fabiola Vázquez},
	note= "\url{https://github.com/fvzqa/Metodos-Probabilisticos/blob/master/Tarea9/Tarea9.pdf}"
}
