@Manual{R,
    title = {R: A Language and Environment for Statistical Computing}, 
    author = {{R Core Team}}, 
    organization = {R Foundation for Statistical Computing},
    address = {Vienna, Austria},
    year = {2020},
    url = {https://www.R-project.org/}
  }
 
@misc{inegi, 
	title={Población total.},
	author={Instituto Nacional de Estadística y Geografía},
	note= "\url{https://www.inegi.org.mx/temas/estructura/}",
	journal={Tabulados}, 
	publisher={Instituto Nacional de Estadística y Geografía (INEGI)}
	}

@Manual{rstudio, title = {RStudio: Integrated Development Environment for R}, author = {{RStudio Team}}, organization = {RStudio, PBC.}, address = {Massachusetts, United States}, year = {2020}, note="\url {http://www.rstudio.com/}"
 }

@Book{SimulacionRoss,
    author    = "Sheldon M. Ross",
    title     = "Simulation",
    year      = "1999",
    publisher = "Pearson",
    address   = {Berkeley, California}
}

@Manual{python,
    title = {Python}, 
    organization = {{Python Software Foundation}},
    author = {Guido van Rossum}, 
    address = {Países Bajos},
    year = {2020},
    url = {https://www.python.org/}
  }
  
 @Book{alice,
  title = {Alice's Adventures in Wonderland},
  author = {Lewis Carroll},
 publisher = {Macmillan},
 address={Oxford, England},
 year = {1865}
 }
 
 
 @Book{tidytext,
 title={Text Mining with R, a tidy approach},
 author={Julia Silge and David Robinson},
 year={2020},
 note="\url{https://www.tidytextmining.com/}"
 }
 
 @misc{gutenberg,
	title = {Project Gutenberg}, 
    author = {Michael Hart}, 
    organization = {{The Project Gutenberg Literary Archive Foundation}},
note = "\url{http://www.gutenberg.org/files/19322/19322.txt}."
  }
  
 @misc{fabiola,
    title={Minería de datos},
    author={Fabiola Vázquez},
    note="\url{https://github.com/fvzqa/Metodos-Probabilisticos/blob/master/Tarea2/Tarea2.pdf}.",
}

@book{snell,
	title = {Introduction to {P}robability},
	author = {Grinstead, Charles M. and Snell, J. Laurie},
	year = {2006},
} 


 @book{Casella, 
place={Australia ; Pacific Grove, CA}, 
edition={2nd ed}, title={Statistical inference}, ISBN={978-0-534-24312-8}, 
publisher={Thomson Learning}, 
author={Casella, George and Berger, Roger L.}, 
year={2002}
}

@misc{Wolfram|Alpha ,
	author = {{Wolfram Research Inc.}},
	title = {Wolfram {A}lpha},
	url = {https://www.wolframalpha.com/},
	note = {Champaign, IL, 2019}
}

@misc{elisaproba, 
	title={Modelos probabilistas aplicados.},
	author={Elisa Schaeffer},
	note= "\url{https://elisa.dyndns-web.com/teaching/prob/pisis/prob.html#t5}"
}

@book{Knuth, place={Reading, Mass}, edition={3rd ed}, title={The art of computer programming}, ISBN={978-0-201-89683-1}, publisher={Addison-Wesley}, author={Knuth, Donald Ervin}, year={1997}
}

@inproceedings{jupyter,
	title={Jupyter Notebooks---a publishing format for reproducible computational workflows},
	author={Kluyver, Thomas and Ragan-Kelley, Benjamin and P{\'e}rez and others},
	booktitle={Positioning and Power in Academic Publishing: Players, Agents and Agendas: Proceedings of the 20th International Conference on Electronic Publishing},
	pages={87},
	year={2016},
	organization={IOS Press}
}

@book{int,
	address = {Coruña, España},
	edition = {Primera Edición},
	title = {Introducción a la simulación y a la teoría de colas},
	isbn = {84-9745-017-5},
	publisher = {Thomson Learning},
	author = {Cao Abad, Ricardo},
	year = {2002}
}



@misc{ecured, 
	title={Pruebas estadísticas.},
	author={Ecu{R}ed},
	note= "\url{https://www.ecured.cu/Pruebas_estad%C3%ADsticas}"
}

@misc{guia, 
	title={Guía definitiva para encontrar las pruebas estadísticas que buscas.},
	author={Rosana Ferrero},
	note= "\url{https://www.maximaformacion.es/blog-dat/guia-para-encontrar-tu-prueba-estadistica/}"
}

@Article{elegir,
author = {{Miguel Ángel Villasís-Keever}, {Eric Flores-Ruiz}, {María Guadalupe Miranda-Novales}},
title = {El protocolo de Investigación {VI}: Cómo elegir la prueba estadística adecuada. Estadística inferencial},
journal = {Revista Alergia México},
year = {2017},

OPTvolume = {64},
OPTnumber = {3},
OPTpages = {364-370},
OPTmonth = {Julio-Septiembre},
note= "\url{http://www.scielo.org.mx/pdf/ram/v64n3/2448-9190-ram-64-03-0364.pdf}"
}

@book{Laneonline,
	title={Introduction to Statistics},
	edition={Online},
	author={Lane, David M.},
	note="\url{http://onlinestatbook.com/Online_Statistics_Education.pdf}"
}

@misc{scatterplot, 
	title={Scatterplot with polynomial curve fitting.},
	author={R graph gallery},
	note= "\url{https://www.r-graph-gallery.com/44-polynomial-curve-fitting.html#:~:text=First%20of%20all%2C%20a%20scatterplot,plot%20it%20with%20line()%20.}"
}

@misc{stat, 
	title={Covid-19 test accuracy supplement: {T}he math of {B}ayes’ {T}heorem},
	author={Jeffrey {L}. {S}chnipper, {P}aul {E}. {S}ax},
	note= "\url{https://www.statnews.com/2020/08/20/covid-19-test-accuracy-supplement-the-math-of-bayes-theorem/}"
}

@misc{nl, 
	title={Casos de {COVID}-19 en {N}uevo {L}eón},
	author={Gobierno del estado de {N}uevo {L}eón},
	note= "\url{https://www.nl.gob.mx/publicaciones/casos-de-covid-19-en-nuevo-leon}"
}

@misc{us_pop_clock,
author={{United States Census Bureau}},
title = {{U.S.} and World Population Clock},
year={2020},
note={\url{https://www.census.gov/popclock/}}
}

@misc{flu_ridt_cdc,
author={{CDC}},
title= {Information for Clinicians on {Rapid Diagnostic Testing} for Influenza},
year = {2020},
publisher = {{CDC}},
note = {\url{https://www.cdc.gov/flu/professionals/diagnosis/rapidclin.htm#table2}}
}

@misc{flu_burden_cdc,
	author={{CDC}},
	title= {Disease burden of influenza},
	year = {2020},
	publisher = {{CDC}},
	note = {\url{https://www.cdc.gov/flu/about/burden/index.html}}
}

@misc{indicadores_nl,
	title={Monitoreo de Indicadores 
	Estatales de Salud para la  
	Reapertura Económica
	Semana 
	42
	(11 de Octubre 
	–
	17 de Octubre)},
	year = {2020},
	author={{Gobierno del Estado de Nuevo León}},
	note={\url{https://www.nl.gob.mx/presentacion-indicadoresymedidasdemitigacion-covid19-22-10-2020}}
}



@misc{fab, 
	title={Valor esperado y varianza.},
	author={Fabiola Vázquez},
	note= "\url{https://github.com/fvzqa/Metodos-Probabilisticos/blob/master/Tarea9/Tarea9.pdf}"
}

@misc{songho, 
	title={Convolution},
	author={Song {H}o {A}hn},
	note= "\url{http://www.songho.ca/dsp/convolution/convolution.html}"
}

@misc{chi, 
	title={Prueba {C}hi-{C}uadrada.},
	author={UNAM},
	note= "\url{http://asesorias.cuautitlan2.unam.mx/Laboratoriovirtualdeestadistica/CARPETA%203%20INFERENCIA_ESTADISTICA/DOC_%20INFERENCIA/TEMA%204/08%20PRUEBA%20DE%20CHICUADRADA.pdf}"
}

@Article{datos,
author = {{Grete Heinz}, {Louis J. Peterson}, {Roger W. Johnson}},
title = {Exploring Relationships in Body Dimensions},
journal = {Journal of Statistics Education},
year = {2003},

OPTvolume = {11},
OPTnumber = {2},
note= "\url{http://jse.amstat.org/v11n2/datasets.heinz.html}"
}

@misc{imagine, 
	title={{IMAG}ing eng{INE}s, {T}ools for {A}pplication of {I}mage {F}ilters to {D}ata {M}atrices},
	author={{W}encheng {L}au-{M}edrano},
	note= "\url{https://cran.r-project.org/web/packages/imagine/imagine.pdf}"
}

@book{fcg,
	title = {Fundamentals of {C}omputer {G}raphics},
	author = {Peter Shirley, Steve Marschner},
	year = {2000},
	publisher = {A {K} {P}eters},
	address = {Natick, Massachusetts}
} 

@misc{gauss, 
	title={A class of fast {G}aussian binomial filters for speech and image processing},
	author={{R}ichard {A}. {H}addad and {A}li {N}. Akansu},
	note= "\url{https://web.njit.edu/~akansu/PAPERS/Haddad-AkansuFastGaussianBinomialFiltersIEEE-TSP-March1991.pdf}"
}


