@Manual{R,
    title = {R: A Language and Environment for Statistical Computing}, 
    author = {{R Core Team}}, 
    organization = {R Foundation for Statistical Computing},
    address = {Vienna, Austria},
    year = {2020},
    url = {\url{https://www.R-project.org/}}
  }
 
@misc{inegi, 
	title={Relación hombres-mujeres por entidad federativa, 1990 a 2015.},
	author={Instituto Nacional de Estadística y Geografía},
	note= {\url{https://www.inegi.org.mx/app/tabulados/interactivos/?px=Poblacion_02&bd=Poblacion}},
	journal={Tabulados}, 
	publisher={Instituto Nacional de Estadística y Geografía (INEGI)}
	}

@Manual{rstudio, title = {RStudio: Integrated Development Environment for R}, author = {{RStudio Team}}, organization = {RStudio, PBC.}, address = {Massachusetts, United States}, year = {2020}, note={\url{http://www.rstudio.com/}}
 }

@Book{SimulacionRoss,
    author    = "Sheldon M. Ross",
    title     = "Simulation",
    year      = "1999",
    publisher = "Pearson",
    address   = {Berkeley, California}
}

@Manual{python,
    title = {Python}, 
    organization = {{Python Software Foundation}},
    author = {Guido van Rossum}, 
    address = {Países Bajos},
    year = {2020},
    url = {\url{https://www.python.org/}}
  }
  
 @Book{alice,
  title = {Alice's Adventures in Wonderland},
  author = {Lewis Carroll},
 publisher = {Macmillan},
 address={Oxford, England},
 year = {1865}
 }
 
 
 @Book{tidytext,
 title={Text Mining with R, a tidy approach},
 author={Julia Silge and David Robinson},
 year={2020},
 note={\url{https://www.tidytextmining.com/}}
 }
 
 @misc{gutenberg,
	title = {Project Gutenberg}, 
    author = {Michael Hart}, 
    organization = {{The Project Gutenberg Literary Archive Foundation}},
note = {\url{http://www.gutenberg.org/files/19322/19322.txt}}
  }
  
 @misc{fabiola,
    title={Método {M}onte-{C}arlo},
    author={Fabiola Vázquez},
    note={\url{https://github.com/fvzqa/Simulacion/blob/master/Tarea5/Tarea5.ipynb}}
}

@book{casella,
	address = {Australia ; Pacific Grove, CA},
	edition = {2nd},
	title = {Statistical inference},
	isbn = {978-0-534-24312-8},
	publisher = {Thomson Learning},
	author = {Casella, George and Berger, Roger L.},
	year = {2002},
	keywords = {Mathematical statistics, Probabilities}
}

@misc{elisaproba, 
	title={Modelos probabilistas aplicados.},
	author={Elisa Schaeffer},
	note= {\url{https://elisa.dyndns-web.com/teaching/prob/pisis/prob.html\#t5}}
}

@book{Knuth, place={Reading, Mass}, edition={3rd ed}, title={The art of computer programming}, ISBN={978-0-201-89683-1}, publisher={Addison-Wesley}, author={Knuth, Donald Ervin}, year={1997}
}

@inproceedings{jupyter,
	title={Jupyter Notebooks---a publishing format for reproducible computational workflows},
	author={Kluyver, Thomas and Ragan-Kelley, Benjamin and P{\'e}rez and others},
	booktitle={Positioning and Power in Academic Publishing: Players, Agents and Agendas: Proceedings of the 20th International Conference on Electronic Publishing},
	pages={87},
	year={2016},
	organization={IOS Press}
}




@article{Varian,
 ISSN = {09324569},
 URL = "\url{http://www.jstor.org/stable/40751313}",
 author = {Hal R. Varian},
 journal = {Journal of Institutional and Theoretical Economics (JITE) / Zeitschrift für die gesamte Staatswissenschaft},
 number = {1},
 pages = {153--174},
 publisher = {Mohr Siebeck GmbH & Co. KG},
 title = {Monitoring Agents With Other Agents},
 volume = {146},
 year = {1990}
}

@article{gametheoretical,
title = {Game theoretical applications for multi-agent systems},
journal = {Expert Systems with Applications},
volume = {39},
number ={1},
pages = {273 - 279},
year = {2012},
doi = {\url{https://doi.org/10.1016/j.eswa.2011.07.017}},
url = {\url{http://www.sciencedirect.com/science/ article/pii/S0957417411009791}},
author ={ Parag C. Pendharkar}
}

@article{swarup,
title = {Computational Epidemiology as a Challenge Domain for Multiagent Systems},
year={2014},
url ={ \url{http://www.ifaamas.org/AAMAS/aamas2014/ proceedings/aamas/p1173.pdf}},
author = {Samarth Swarup and Stephen G. Eubank and Madhav V. Marathe}
}

@article{introductionmas,
title = {An introduction to Multi-Agent Systems},
year={2010},
url ={ \url{http://www.researchgate.net/publication/ 226165258}},
author = {Balaji Parasumanna Gokulan and D. Srinivasan}
}

@article{surveymas,
title = {Multi-Agent Systems and simulation: A survey from the Agent community's perspective},
year={2009},
url = {\url{http://www.researchgate.net/publication/ 229070139}},
author ={ Fabian Michel and Jaques Ferber and Alexis Drogoul}
}

 @article{Hoertel_Blachier_Blanco_Olfson_Massetti_Rico_Limosin_Leleu_2020, title={A stochastic agent-based model of the SARS-CoV-2 epidemic in France}, volume={26}, ISSN={1078-8956, 1546-170X}, DOI={10.1038/s41591-020-1001-6}, number={9}, journal={Nature Medicine}, author={Hoertel, Nicolas and Blachier, Martin and Blanco, Carlos and Olfson, Mark and Massetti, Marc and Rico, Marina Sánchez and Limosin, Frédéric and Leleu, Henri}, year={2020}, month={Sep}, pages={1417–1421} }
 
@article{horl_2017, title={Agent-based simulation of autonomous taxi services with dynamic demand responses}, volume={109}, ISSN={18770509}, DOI={10.1016/j.procs.2017.05.418}, journal={Procedia Computer Science}, author={Hörl, Sebastian}, year={2017}, pages={899–904} }

@article{Perez_Dragicevic_2009, title={An agent-based approach for modeling dynamics of contagious disease spread}, volume={8}, ISSN={1476-072X}, DOI={10.1186/1476-072X-8-50}, number={1}, journal={International Journal of Health Geographics}, author={Perez, Liliana and Dragicevic, Suzana}, year={2009}, pages={50} }

@article{Samitas_Polyzos_Siriopoulos_2018, title={Brexit and financial stability: An agent-based simulation}, volume={69}, ISSN={02649993}, DOI={10.1016/j.econmod.2017.09.019}, journal={Economic Modelling}, author={Samitas, Aristeidis and Polyzos, Stathis and Siriopoulos, Costas}, year={2018}, month={Jan}, pages={181–192} }

@article{Venkatramanan_Lewis_Chen_Higdon_Vullikanti_Marathe_2018, title={Using data-driven agent-based models for forecasting emerging infectious diseases}, volume={22}, ISSN={17554365}, DOI={10.1016/j.epidem.2017.02.010}, journal={Epidemics}, author={Venkatramanan, Srinivasan and Lewis, Bryan and Chen, Jiangzhuo and Higdon, Dave and Vullikanti, Anil and Marathe, Madhav}, year={2018}, month={Mar}, pages={43–49} }

@article{Wojtusiak_Warden_Herzog_2012, title={Machine learning in agent-based stochastic simulation: Inferential theory and evaluation in transportation logistics}, volume={64}, ISSN={08981221}, number={12}, journal={Computers \& Mathematics with Applications}, author={Wojtusiak, Janusz and Warden, Tobias and Herzog, Otthein}, year={2012}, month={Dec}, pages={3658–3665} }
